@book{quantumBook,
	Author = {David J. Griffiths},
	Date-Added = {2010-05-04 23:38:11 -0400},
	Date-Modified = {2010-05-04 23:39:05 -0400},
	Edition = {1st},
	Publisher = {Prentice Hall},
	Title = {Introduction to Quantum Mechanics},
	Year = {1994}}
